<?xml version="1.0" encoding="UTF-8"?><collection xmlns="http://www.loc.gov/MARC21/slim"><record><leader>00416nam--2200133-i-4500</leader><controlfield tag="001">000010936</controlfield><controlfield tag="002">20161230</controlfield><controlfield tag="005">20161230201029</controlfield><controlfield tag="008">060222s1000------------r-----000-0-eng-d</controlfield><datafield ind1=" " ind2=" " tag="080"><subfield code="a">621.039.54</subfield></datafield><datafield ind1=" " ind2=" " tag="245"><subfield code="a">Combustibili nucleari. culegere de date</subfield></datafield><datafield ind1=" " ind2=" " tag="260"><subfield code="a">Bucuresti, Institutul Ntional De Informare Si Documentare Stiintifica Si Tehnica, 1974. 65 P</subfield></datafield><datafield ind1=" " ind2=" " tag="490"><subfield code="a">Banca Centrala De Date Si Informatii</subfield></datafield><datafield ind1=" " ind2=" " tag="852"><subfield code="a">D1334</subfield></datafield></record></collection>